<?xml version="1.0" encoding="UTF-8"?><collection xmlns="http://www.loc.gov/MARC21/slim"><record><leader>00802nam--2200217-u-4500</leader><controlfield tag="001">000053245</controlfield><controlfield tag="002">20161230</controlfield><controlfield tag="005">20161230201051</controlfield><controlfield tag="008">110113s1000------------r-----000-0-eng-d</controlfield><datafield ind1=" " ind2=" " tag="020"><subfield code="a">1558995323</subfield></datafield><datafield ind1=" " ind2=" " tag="040"><subfield code="a">IFIN-HH</subfield></datafield><datafield ind1=" " ind2=" " tag="080"><subfield code="a">539.231:621.375.826(063)</subfield></datafield><datafield ind1="1" ind2=" " tag="100"><subfield code="a">Chrisey, Douglas B</subfield></datafield><datafield ind1="1" ind2="0" tag="245"><subfield code="a">Materials development for direct write technologies</subfield><subfield code="b">Symposium held april 24-26, 2000, san francisco, california, usa</subfield><subfield code="c">DOUGLAS B. CHRISEY; DANIEL R. GAMOTA; HENRY HELVAJIAN; DAVID PAUL TAYLOR (Eds.)</subfield></datafield><datafield ind1=" " ind2=" " tag="260"><subfield code="a">Warrendale, Pennsylvania</subfield><subfield code="b">Materials Research Society</subfield><subfield code="c">2001</subfield></datafield><datafield ind1=" " ind2=" " tag="300"><subfield code="a">283P</subfield></datafield><datafield ind1=" " ind2=" " tag="490"><subfield code="a">Materials Research Society Symposium Proceedings</subfield><subfield code="v">Vol. 624</subfield></datafield><datafield ind1=" " ind2="4" tag="650"><subfield code="a">Microfabrication</subfield></datafield><datafield ind1="1" ind2=" " tag="700"><subfield code="a">Taylor, David Paul</subfield><subfield code="e">Ed</subfield></datafield><datafield ind1=" " ind2=" " tag="852"><subfield code="a">81534</subfield><subfield code="c">539.23</subfield></datafield><datafield ind1=" " ind2=" " tag="CAT"><subfield code="a">Sys</subfield><subfield code="c">20110113</subfield><subfield code="h">111609</subfield></datafield></record></collection>